@article{noether_th,
    author = {Emmy Noether},
    title = { Invariante Variationsprobleme},
    journal = {Nachrichten von der Gesellschaft der Wissenschaften zu Göttingen. Mathematisch-Physikalische Klasse},
    year = {1918},
    pages = {286 -- 295}
}

@article{Zwicky,
    author = {Fritz Zwicky},
    title = "{D}ie {R}otverschiebung von extragalaktischen {N}ebeln",
    journal = "{H}elvetica {P}hysica {A}cta",
    year = {1933}, 
    number = {6}, 
}

@article{rubin,
    author = "Vera Rubin",
    title = {{E}xtended rotation curves of high-luminosity spiral galaxies},
    journal = "The Astrophysical Journal",
    year = 1978
}

@article{CMSWW,
    author = "{CMS} {C}ollaboration",
    title = "Search for dark matter particles in ${W}^+ {W}^-$ events with tranverse momentum imbalance in proton-proton collisions at $\sqrt{s} = 13$ {T}e{V}",
    journal = "{J}ournal of {H}igh {E}nergy {P}hysics",
    year = 2024, 
    doi = "https://doi.org/10.1007/JHEP03(2024)134",
}

@misc{SingleTop,
      author = "Andrea Giammanco",
      title = "Single {T}op {P}roduction at {LHC}",
      month = "Enero",
      year = "2006",
      url = "https://indico.cern.ch/event/427187/contributions/1051186/attachments/912918/1289702/singletopCoimbra.pdf",    
      note = "[Online; acceso en marzo 2025]"
}

@misc{ttV,
      author = "Álvaro López Solís",
      title = "Measurements of t{V} and tt{V} production with {ATLAS} and {CMS} detectors.",
      month = "Noviembre",
      year = "2021",
      url = "https://cds.cern.ch/record/2791532", 
      note = "[Online; acceso en marzo 2025]"
}


@misc{LooseWorkingPoint,
      author = "Gena {K}ukartsev",
      title = "b-tagging with {CMS}",
      month = "Enero",
      year = "2009",
      url = "https://indico.cern.ch/event/46651/contributions/1142975/attachments/950848/1349229/btag-jterm3-kukartsev-v1.pdf",
      note = "[Online; acceso en marzo 2025]"
}

@misc{wiki:Drell–Yan_process,
   author = "Wikipedia",
   title = "{Drell–Yan process} --- {W}ikipedia{,} The Free Encyclopedia",
   year = "2025",
   howpublished = {\url{https://en.wikipedia.org/wiki/Drell%E2%80%93Yan_process}},
   note = "[Online; acceso en marzo 2025]"
 }

@article{PYTHIA,
  author = {Torbjörn Sjöstrand and Stefan Ask and Jesper R. Christiansen and Richard Corke and others},
  title = "{An introduction to PYTHIA 8.2}",
  year = "2015",
  doi = "10.1010/JHEP11(2015)039",
  journal = "JHEP",
  volume = "11",
  pages = "039"
}

@article{POWHEG,
    author    = "Alioli, Simone and Nason, Paolo and Oleari, Carlo and Re, Emanuele and others",
    title     = "{A general framework for implementing NLO calculations in shower Monte Carlo programs: the POWHEG BOX}",
    journal   = "JHEP",
    volume    = "06",
    year      = "2010",
    pages     = "043",
    doi       = "10.1007/JHEP06(2010)043",
  }

@article{MADGRAPH,
    author    = "Alwall, Johan and Frederix, Remco and Frixione, Stefano and others ",
    title     = "{The automated computation of tree-level and next-to-leading order differential cross sections, and their matching to parton shower simulations}",
    journal   = "JHEP",
    volume    = "07",
    year      = "2014",
    pages     = "079",
    doi       = "10.1007/JHEP07(2014)079",
}

@article{GEANT4,
    author    = "Agostinelli, Stefano and Allison, John and Amako, Katsuya and others",
    title     = "{GEANT4--a simulation toolkit}",
    journal   = "Nucl. Instrum. Meth. A",
    volume    = "506",
    year      = "2003",
    pages     = "250-303",
    doi       = "10.1016/S0168-9002(03)01368-8",
}

@misc{topdecays,
      author = "Tim {T}ait",
      title = "Top {P}roduction and {D}ecay",
      month = "Junio",
      year = "2009",
      url = "https://www.phy.bnl.gov/~partsem/fy09/TTait_Talk_06_18_09.pdf",
      note = "[Online; acceso en abril 2025]"
}
